<?xml version="1.0" encoding="UTF-8"?><record xmlns="http://www.loc.gov/MARC21/slim" xmlns:cinclude="http://apache.org/cocoon/include/1.0" xmlns:zs="http://www.loc.gov/zing/srw/">
  <leader>00463nz  a2200121n  4500</leader>
  <controlfield tag="001">n  00015752 </controlfield>
  <controlfield tag="003">DLC</controlfield>
  <controlfield tag="005">20001128123847.0</controlfield>
  <controlfield tag="008">001128n| acannaabn          |n aaa      </controlfield>
  <datafield tag="010" ind1=" " ind2=" ">
    <subfield code="a">n  00015752 </subfield>
  </datafield>
  <datafield tag="040" ind1=" " ind2=" ">
    <subfield code="a">DLC</subfield>
    <subfield code="b">eng</subfield>
    <subfield code="c">DLC</subfield>
  </datafield>
  <datafield tag="100" ind1="1" ind2=" ">
    <subfield code="a">Rudisill, J. Frank</subfield>
  </datafield>
  <datafield tag="670" ind1=" " ind2=" ">
    <subfield code="a">Rudisill, J. Frank. Quality management &amp; measurement systems, c1999:</subfield>
    <subfield code="b">t.p. (J. Frank Rudisill; Ph.D.) p. 4 of cover (vice pres., consulting firm Quality Associates of Clemson, Inc.; with firm since 1988)</subfield>
  </datafield>
</record>